<record><leader>00000cas a22000007a 4500</leader><controlfield tag="001">11192079</controlfield><controlfield tag="008">840924d18851895nyuwr ne      0    0eng d</controlfield><controlfield tag="009">148</controlfield><datafield ind1=" " ind2=" " tag="010"><subfield code="a">sn 84031536 </subfield></datafield><datafield ind1=" " ind2=" " tag="040"><subfield code="a">NYG</subfield><subfield code="b">eng</subfield><subfield code="c">NYG</subfield><subfield code="d">NYS</subfield><subfield code="d">OCLCQ</subfield></datafield><datafield ind1="1" ind2=" " tag="029"><subfield code="a">AU@</subfield><subfield code="b">000020555534</subfield></datafield><datafield ind1=" " ind2=" " tag="042"><subfield code="a">msc</subfield></datafield><datafield ind1="0" ind2=" " tag="130"><subfield code="a">Free press (Trumansburg, N.Y. : 1885)</subfield></datafield><datafield ind1="0" ind2="4" tag="245"><subfield code="a">The free press.</subfield></datafield><datafield ind1=" " ind2=" " tag="260"><subfield code="a">Trumansburg, N.Y. :</subfield><subfield code="b">Albert F. Allen,</subfield><subfield code="c">1885-1895.</subfield></datafield><datafield ind1=" " ind2=" " tag="300"><subfield code="a">10 v. ;</subfield><subfield code="c">51-61 cm.</subfield></datafield><datafield ind1=" " ind2=" " tag="310"><subfield code="a">Weekly</subfield></datafield><datafield ind1="0" ind2=" " tag="362"><subfield code="a">Vol. 1, no. 1 (Nov. 14, 1885)-v. 10, no. 22 (Apr. 6, 1895) = [whole no. 1]-491.</subfield></datafield><datafield ind1=" " ind2=" " tag="500"><subfield code="a">"Free and unshackled." (Nov. 28, 1885- ).</subfield></datafield><datafield ind1=" " ind2=" " tag="500"><subfield code="a">Published on Saturday.</subfield></datafield><datafield ind1=" " ind2=" " tag="500"><subfield code="a">Editor: A.F. Allen, 1885-</subfield></datafield><datafield ind1=" " ind2=" " tag="530"><subfield code="a">Available on microfilm from Olin Library, Ithaca, N.Y.</subfield></datafield><datafield ind1=" " ind2="4" tag="651"><subfield code="a">Trumansburg (N.Y.)</subfield><subfield code="v">Newspapers.</subfield></datafield><datafield ind1=" " ind2=" " tag="752"><subfield code="a">United States</subfield><subfield code="b">New York</subfield><subfield code="c">Tompkins</subfield><subfield code="d">Trumansburg.</subfield></datafield><datafield ind1="0" ind2="7" tag="785"><subfield code="t">Trumansburg sentinel</subfield><subfield code="w">(DLC)sn 84031535</subfield></datafield><datafield ind1="0" ind2="7" tag="785"><subfield code="t">Free press and sentinel</subfield><subfield code="w">(DLC)sn 84031537</subfield></datafield></record>